@misc{goings2013aotomo,
    author       = {Goings, Joshua},
    title        = {{Efficient Two-Electron Integral Transformations in {Python}, or, Adventures in Scaling}},
    year         = {19-03-2025},
    url          = {https://joshuagoings.com/2013/05/14/efficient-two-electron-integral-transformations-in-python-or-adventures-in-scaling/}
}

@misc{NIST_ASD,
author = {A.~Kramida and {Yu.~Ralchenko} and
J.~Reader and {and NIST ASD Team}},
title = {{NIST Atomic Spectra Database
(ver. 5.12), [Online]}},
url = {https://physics.nist.gov/asd}, 
year = {2025, March 19}
}